<?xml version="1.0" encoding="UTF-8"?><collection xmlns="http://www.loc.gov/MARC21/slim"><record><leader>00388nam--2200133-i-4500</leader><controlfield tag="001">000014636</controlfield><controlfield tag="002">20161230</controlfield><controlfield tag="005">20161230201030</controlfield><controlfield tag="008">060222s1000------------r-----000-0-eng-d</controlfield><datafield ind1=" " ind2=" " tag="245"><subfield code="a">Clinical biochemistry. contemporany theories and techniques</subfield></datafield><datafield ind1=" " ind2=" " tag="260"><subfield code="a">New York, Academic Press, 1981</subfield></datafield><datafield ind1=" " ind2=" " tag="490"><subfield code="a">Xvii + 316 P</subfield></datafield><datafield ind1=" " ind2=" " tag="700"><subfield code="a">Spiegel, Herbert E</subfield></datafield><datafield ind1=" " ind2=" " tag="852"><subfield code="a">616.074:578.087.9:577.112.856:615.7</subfield></datafield></record></collection>